@article{ackema:1998, Journal = {Natural Language and Linguistic Theory}, Year = {1998}, Title = {Optimal questions}, Pages = {443-490}, Author = {Ackema, Peter and Neeleman, Ad}, Volume = {16} }